<record><leader>00000cas a22000007a 4500</leader><controlfield tag="001">2362066</controlfield><controlfield tag="008">760809d19181918mtuwr ne      0   a0eng d</controlfield><datafield ind1=" " ind2=" " tag="010"><subfield code="a">sn 84036289 </subfield></datafield><datafield ind1=" " ind2=" " tag="040"><subfield code="a">MUL</subfield><subfield code="b">eng</subfield><subfield code="c">MUL</subfield><subfield code="d">MTL</subfield><subfield code="d">NOP</subfield><subfield code="d">OCLCF</subfield><subfield code="d">DLC</subfield><subfield code="d">OCL</subfield></datafield><datafield ind1="0" ind2=" " tag="022"><subfield code="a">2372-8841</subfield><subfield code="2">1</subfield></datafield><datafield ind1=" " ind2=" " tag="042"><subfield code="a">msc</subfield><subfield code="a">nsdp</subfield></datafield><datafield ind1=" " ind2=" " tag="043"><subfield code="a">n-us-mt</subfield></datafield><datafield ind1="0" ind2="0" tag="050"><subfield code="a">Newspaper</subfield></datafield><datafield ind1=" " ind2="4" tag="050"><subfield code="a">HD1485.N4</subfield><subfield code="b">M65</subfield></datafield><datafield ind1="0" ind2="0" tag="082"><subfield code="a">071</subfield><subfield code="2">23</subfield></datafield><datafield ind1="0" ind2=" " tag="130"><subfield code="a">Montana leader (Great Falls, Mont. : Sept. 14, 1918)</subfield></datafield><datafield ind1=" " ind2="0" tag="222"><subfield code="a">Montana leader</subfield><subfield code="b">(Great Falls, Mont. Sept. 14, 1918. Print)</subfield></datafield><datafield ind1="1" ind2="0" tag="245"><subfield code="a">Montana leader.</subfield></datafield><datafield ind1=" " ind2=" " tag="260"><subfield code="a">Great Falls, Mont. :</subfield><subfield code="b">Montana Leader,</subfield><subfield code="c">1918.</subfield></datafield><datafield ind1=" " ind2=" " tag="300"><subfield code="a">1 v. :</subfield><subfield code="b">ill. ;</subfield></datafield><datafield ind1=" " ind2=" " tag="310"><subfield code="a">Weekly</subfield></datafield><datafield ind1="0" ind2=" " tag="362"><subfield code="a">Vol. 2, no. 3 (Sept. 14, 1918)-v. 2, no. 7 (Oct. 12, 1918).</subfield></datafield><datafield ind1=" " ind2=" " tag="530"><subfield code="a">Archived issues are available in digital format from the Library of Congress Chronicling America online collection.</subfield></datafield><datafield ind1=" " ind2=" " tag="550"><subfield code="a">Official organ of: National Nonpartisan League of the State of Montana.</subfield></datafield><datafield ind1="2" ind2="0" tag="610"><subfield code="a">National Nonpartisan League</subfield><subfield code="z">Montana</subfield><subfield code="v">Newspapers.</subfield></datafield><datafield ind1="2" ind2="7" tag="610"><subfield code="a">National Nonpartisan League.</subfield><subfield code="2">fast</subfield><subfield code="0">(OCoLC)fst00516027</subfield></datafield><datafield ind1=" " ind2="7" tag="651"><subfield code="a">Montana</subfield><subfield code="z">Great Falls</subfield><subfield code="2">fast</subfield><subfield code="0">(OCoLC)fst01202832</subfield></datafield><datafield ind1=" " ind2="0" tag="651"><subfield code="a">Great Falls (Mont.)</subfield><subfield code="v">Newspapers.</subfield></datafield><datafield ind1=" " ind2="7" tag="651"><subfield code="a">Montana.</subfield><subfield code="2">fast</subfield><subfield code="0">(OCoLC)fst01207555</subfield></datafield><datafield ind1=" " ind2="7" tag="655"><subfield code="a">Newspapers.</subfield><subfield code="2">fast</subfield><subfield code="0">(OCoLC)fst01423814</subfield></datafield><datafield ind1=" " ind2=" " tag="752"><subfield code="a">United States</subfield><subfield code="b">Montana</subfield><subfield code="c">Cascade</subfield><subfield code="d">Great Falls.</subfield></datafield><datafield ind1="0" ind2="8" tag="776"><subfield code="i">Online version:</subfield><subfield code="t">Montana leader (Great Falls, Mont. : Sept. 14, 1918 : Online)</subfield><subfield code="x">2372-885X</subfield><subfield code="w">(DLC)  2014218354</subfield></datafield><datafield ind1="0" ind2="0" tag="780"><subfield code="t">Inverness news</subfield><subfield code="w">(DLC)sn 84036288</subfield></datafield><datafield ind1="0" ind2="0" tag="785"><subfield code="t">Montana nonpartisan</subfield><subfield code="w">(DLC)sn 84036290</subfield></datafield><datafield ind1="4" ind2="1" tag="856"><subfield code="u">http://www.loc.gov/chroniclingamerica/lccn/sn84036289/issues</subfield></datafield><datafield ind1="1" ind2=" " tag="029"><subfield code="a">AU@</subfield><subfield code="b">000025812140</subfield></datafield></record>